@misc{Leskovec-data,
    abstract = {{Social media and technological datasets.}},
    author = {Leskovec, Jure},
    citeulike-article-id = {11123398},
    citeulike-linkout-0 = {http://snap.stanford.edu/data/},
    keywords = {data, dataset, datasets, socialnetworks},
    posted-at = {2012-08-23 19:15:06},
    priority = {2},
    title = {{Stanford Large Network Dataset Collection}},
    url = {http://snap.stanford.edu/data/}
}

@INPROCEEDINGS{Gilbert95geometricmesh,
    author = {John R. Gilbert and Gary L. Miller and Shang-Hua Teng},
    title = {Geometric Mesh Partitioning: Implementation and Experiments},
    booktitle = {In Proceedings of International Parallel Processing Symposium},
    year = {1995},
    pages = {418--427}
}

@TECHREPORT{Lang04findinggood,
    author = {Kevin Lang},
    title = {Finding good nearly balanced cuts in power law graphs},
    institution = {},
    year = {2004}
}

@article{Gazit198861,
title = "An improved parallel algorithm that computes the \{BFS\} numbering of a directed graph ",
journal = "Information Processing Letters ",
volume = "28",
number = "2",
pages = "61 - 65",
year = "1988",
note = "",
issn = "0020-0190",
doi = "http://dx.doi.org/10.1016/0020-0190(88)90164-0",
url = "http://www.sciencedirect.com/science/article/pii/0020019088901640",
author = "Hillel Gazit and Gary L. Miller",
keywords = "Single source",
keywords = "breadth-first search",
keywords = "fast matrix multiplication",
keywords = "parallel algorithm "
}

@inproceedings{Yuan:2012:MLG:2410141.2410574,
 author = {Yuan, Liang and Ding, Chen and \AA tefankovic, Daniel and Zhang, Yunquan},
 title = {Modeling the Locality in Graph Traversals},
 booktitle = {Proceedings of the 2012 41st International Conference on Parallel Processing},
 series = {ICPP '12},
 year = {2012},
 isbn = {978-0-7695-4796-1},
 pages = {138--147},
 numpages = {10},
 url = {http://dx.doi.org/10.1109/ICPP.2012.40},
 doi = {10.1109/ICPP.2012.40},
 acmid = {2410574},
 publisher = {IEEE Computer Society},
 address = {Washington, DC, USA},
 keywords = {locality, graph traversals, vertex distance, reuse distance},
} 


@article{journals/cj/GanleyH94,
  added-at = {2011-06-28T00:00:00.000+0200},
  author = {Ganley, Joseph L. and Heath, Lenwood S.},
  biburl = {http://www.bibsonomy.org/bibtex/20844c3095456f4e241b97a0334543cc3/dblp},
  ee = {http://dx.doi.org/10.1093/comjnl/37.7.641},
  interhash = {c7cb1dc10eda5ad89854a7f560c3baad},
  intrahash = {0844c3095456f4e241b97a0334543cc3},
  journal = {Comput. J.},
  keywords = {dblp},
  number = 7,
  pages = {641-643},
  timestamp = {2011-06-28T00:00:00.000+0200},
  title = {Optimal and Random Partitions of Random Graphs.},
  url = {http://dblp.uni-trier.de/db/journals/cj/cj37.html#GanleyH94},
  volume = 37,
  year = 1994
}


@book{citeulike:10648615,
    author = {Kepner, Jeremy V. and Gilbert, J. R.},
    citeulike-article-id = {10648615},
    citeulike-linkout-0 = {http://www.worldcat.org/isbn/9780898719901},
    citeulike-linkout-1 = {http://books.google.com/books?vid=ISBN9780898719901},
    citeulike-linkout-2 = {http://www.amazon.com/gp/search?keywords=9780898719901\&index=books\&linkCode=qs},
    citeulike-linkout-3 = {http://www.librarything.com/isbn/9780898719901},
    citeulike-linkout-4 = {http://www.worldcat.org/oclc/704556857},
    isbn = {9780898719901},
    keywords = {book, graph\_theory, graphical\_model, linear\_algebra},
    posted-at = {2012-05-07 08:08:28},
    priority = {2},
    publisher = {Society for Industrial and Applied Mathematics},
    title = {{Graph algorithms in the language of linear algebra}},
    url = {http://www.worldcat.org/isbn/9780898719901},
    year = {2011}
}

@incollection{sparsechapter,
  author = {Ayd{\i}n Bulu\c{c} and John R. Gilbert and Viral B. Shah},
  title = {{Implementing Sparse Matrices for Graph Algorithms}},
  editor = {Jeremy Kepner and John R. Gilbert},
  year = {2011},
  booktitle = { Graph Algorithms in the Language of Linear Algebra },
  publisher = { SIAM Press}
}


@article{DBLP:journals/corr/abs-1212-1121,
  author    = {Isabelle Stanton},
  title     = {Streaming Balanced Graph Partitioning for Random Graphs},
  journal   = {CoRR},
  volume    = {abs/1212.1121},
  year      = {2012},
  ee        = {http://arxiv.org/abs/1212.1121},
  bibsource = {DBLP, http://dblp.uni-trier.de}
}

@inproceedings{Stanton:2012:SGP:2339530.2339722,
 author = {Stanton, Isabelle and Kliot, Gabriel},
 title = {Streaming graph partitioning for large distributed graphs},
 booktitle = {Proceedings of the 18th ACM SIGKDD international conference on Knowledge discovery and data mining},
 series = {KDD '12},
 year = {2012},
 isbn = {978-1-4503-1462-6},
 location = {Beijing, China},
 pages = {1222--1230},
 numpages = {9},
 url = {http://doi.acm.org/10.1145/2339530.2339722},
 doi = {10.1145/2339530.2339722},
 acmid = {2339722},
 publisher = {ACM},
 address = {New York, NY, USA},
 keywords = {distributed graphs, experimental evaluation, graph partitioning, streaming algorithms},
} 



@inproceedings{Andersen:2009:FSC:1536414.1536449,
 author = {Andersen, Reid and Peres, Yuval},
 title = {Finding sparse cuts locally using evolving sets},
 booktitle = {Proceedings of the 41st annual ACM symposium on Theory of computing},
 series = {STOC '09},
 year = {2009},
 isbn = {978-1-60558-506-2},
 location = {Bethesda, MD, USA},
 pages = {235--244},
 numpages = {10},
 url = {http://doi.acm.org/10.1145/1536414.1536449},
 doi = {10.1145/1536414.1536449},
 acmid = {1536449},
 publisher = {ACM},
 address = {New York, NY, USA},
 keywords = {evolving sets, graph partitioning, local algorithms},
} 

@inproceedings{kang2009pegasus,
  title={Pegasus: A peta-scale graph mining system implementation and observations},
  author={Kang, U and Tsourakakis, Charalampos E and Faloutsos, Christos},
  booktitle={Data Mining, 2009. ICDM'09. Ninth IEEE International Conference on},
  pages={229--238},
  year={2009},
  organization={IEEE}
}

@article{Watts1998,
  added-at = {2012-11-20T14:15:13.000+0100},
  author = {Watts, Duncan J. and Strogatz, Steven H.},
  biburl = {http://www.bibsonomy.org/bibtex/2b8d3db260a39adbd9a3b93db2896d602/lopusz_kdd},
  comment = {10.1038/30918},
  description = {Access : Collective dynamics of |[lsquo]|small-world|[rsquo]| networks : Nature},
  interhash = {02e54cb4f5d01567f9d4d2bfd5ca6587},
  intrahash = {b8d3db260a39adbd9a3b93db2896d602},
  issn = {00280836},
  journal = {Nature},
  keywords = {networks},
  month = jun,
  number = 6684,
  pages = {440--442},
  timestamp = {2012-11-20T14:15:13.000+0100},
  title = {Collective dynamics of {'}small-world{'} networks},
  url = {http://dx.doi.org/10.1038/30918},
  volume = 393,
  year = 1998
}

@article{tsourakakis2012fennel,
  title={FENNEL: Streaming Graph Partitioning for Massive Scale Graphs},
  author={Tsourakakis, Charalampos E and Gkantsidis, Christos and Radunovic, Bozidar and Vojnovic, Milan},
  year={2012}
}

@article{karypis1998multilevel,
  title={Multilevel< i> k</i>-way Partitioning Scheme for Irregular Graphs},
  author={Karypis, George and Kumar, Vipin},
  journal={Journal of Parallel and Distributed computing},
  volume={48},
  number={1},
  pages={96--129},
  year={1998},
  publisher={Elsevier}
}

@article{Low:2012:DGF:2212351.2212354,
 author = {Low, Yucheng and Bickson, Danny and Gonzalez, Joseph and Guestrin, Carlos and Kyrola, Aapo and Hellerstein, Joseph M.},
 title = {Distributed GraphLab: a framework for machine learning and data mining in the cloud},
 journal = {Proc. VLDB Endow.},
 issue_date = {April 2012},
 volume = {5},
 number = {8},
 month = apr,
 year = {2012},
 issn = {2150-8097},
 pages = {716--727},
 numpages = {12},
 url = {http://dl.acm.org/citation.cfm?id=2212351.2212354},
 acmid = {2212354},
 publisher = {VLDB Endowment},
} 


@article{arora2009expander,
  title={Expander flows, geometric embeddings and graph partitioning},
  author={Arora, Sanjeev and Rao, Satish and Vazirani, Umesh},
  journal={Journal of the ACM (JACM)},
  volume={56},
  number={2},
  pages={5},
  year={2009},
  publisher={ACM}
}

@article{alon1986eigenvalues,
  title={Eigenvalues and expanders},
  author={Alon, Noga},
  journal={Combinatorica},
  volume={6},
  number={2},
  pages={83--96},
  year={1986},
  publisher={Springer}
}


@article{goemans1995improved,
  title={Improved approximation algorithms for maximum cut and satisfiability problems using semidefinite programming},
  author={Goemans, Michel X and Williamson, David P},
  journal={Journal of the ACM (JACM)},
  volume={42},
  number={6},
  pages={1115--1145},
  year={1995},
  publisher={ACM}
}


@article{Leighton:1999:MMM:331524.331526,
 author = {Leighton, Tom and Rao, Satish},
 title = {Multicommodity max-flow min-cut theorems and their use in designing approximation algorithms},
 journal = {J. ACM},
 issue_date = {Nov. 1999},
 volume = {46},
 number = {6},
 month = nov,
 year = {1999},
 issn = {0004-5411},
 pages = {787--832},
 numpages = {46},
 url = {http://doi.acm.org/10.1145/331524.331526},
 doi = {10.1145/331524.331526},
 acmid = {331526},
 publisher = {ACM},
 address = {New York, NY, USA},
 keywords = {VLSI layout, approximation algorithms, divide and conquer, graph bisection, graph partitioning, maximum flow, minimum cut, muticommocity flow, routing},
} 

@article{catalyurek1999hypergraph,
  title={Hypergraph-partitioning-based decomposition for parallel sparse-matrix vector multiplication},
  author={Catalyurek, Umit V and Aykanat, Cevdet},
  journal={Parallel and Distributed Systems, IEEE Transactions on},
  volume={10},
  number={7},
  pages={673--693},
  year={1999},
  publisher={IEEE}
}



@ARTICLE{Condon99algorithmsfor,
    author = {Anne Condon and Richard M. Karp},
    title = {Algorithms for Graph Partitioning on the Planted Partition Model},
    journal = {},
    year = {1999},
    volume = {18},
    pages = {116--140}
}

@article{chung2004average,
  title={The average distance in a random graph with given expected degrees},
  author={Chung, Fan and Lu, Linyuan},
  journal={Internet Mathematics},
  volume={1},
  number={1},
  pages={91--113},
  year={2004},
  publisher={Taylor \& Francis}
}

@book{Garey:1979:CIG:578533,
 author = {Garey, Michael R. and Johnson, David S.},
 title = {Computers and Intractability: A Guide to the Theory of NP-Completeness},
 year = {1979},
 isbn = {0716710447},
 publisher = {W. H. Freeman \& Co.},
 address = {New York, NY, USA},
} 

@inproceedings{leskovec2007scalable,
  title={Scalable modeling of real graphs using kronecker multiplication},
  author={Leskovec, Jure and Faloutsos, Christos},
  booktitle={Proceedings of the 24th international conference on Machine learning},
  pages={497--504},
  year={2007},
  organization={ACM}
}

@ARTICLE{Catalyurek_hypergraph-partitioningbased,
    author = {Umit V. Catalyurek and Cevdet Aykanat},
    title = {Hypergraph-Partitioning Based Decomposition for Parallel Sparse-Matrix Vector Multiplication},
    journal = {IEEE Trans. on Parallel and Distributed Computing},
    year = {},
    volume = {10},
    pages = {673--693}
}

@inproceedings{Buluc:2011:PBS:2063384.2063471,
 author = {Bulu\c{c}, Aydin and Madduri, Kamesh},
 title = {Parallel breadth-first search on distributed memory systems},
 booktitle = {Proceedings of 2011 International Conference for High Performance Computing, Networking, Storage and Analysis},
 series = {SC '11},
 year = {2011},
 isbn = {978-1-4503-0771-0},
 location = {Seattle, Washington},
 pages = {65:1--65:12},
 articleno = {65},
 numpages = {12},
 url = {http://doi.acm.org/10.1145/2063384.2063471},
 doi = {10.1145/2063384.2063471},
 acmid = {2063471},
 publisher = {ACM},
 address = {New York, NY, USA},
} 


