@article{challenglums,
author = {Lumsdaine, Andrew and Gregor, Douglas and Hendrickson, Bruce and Berry, Jonathan},
title = {Challenges in Parallel Graph Processing},
journal = {Parallel Processing Letters},
volume = {17},
number = {01},
pages = {5-20},
year = {2007},
doi = {10.1142/S0129626407002843}
}

@incollection{gpsurvey,
  author = {Ayd{\i}n Bulu\c{c} and Henning Meyerhenke and Ilya Safro and Peter Sanders and Christian Schulz},
  title = {Recent Advances in Graph Partitioning},
  booktitle = {Technical Report},
  published = {arXiv:1311.3144},
  year = {November 2013},
  arxiv = {http://arxiv.org/abs/1311.3144}
}


READ THIS
@inproceedings{xstream,
 author = {Roy, Amitabha and Mihailovic, Ivo and Zwaenepoel, Willy},
 title = {X-Stream: Edge-centric Graph Processing Using Streaming Partitions},
 booktitle = {Proceedings of the Twenty-Fourth ACM Symposium on Operating Systems Principles},
 series = {SOSP '13},
 year = {2013},
 isbn = {978-1-4503-2388-8},
 location = {Farminton, Pennsylvania},
 pages = {472--488},
 numpages = {17},
 url = {http://doi.acm.org/10.1145/2517349.2522740},
 doi = {10.1145/2517349.2522740},
 acmid = {2522740},
 publisher = {ACM},
 address = {New York, NY, USA}
} 

@inproceedings{graphchi,
 author = {Kyrola, Aapo and Blelloch, Guy and Guestrin, Carlos},
 title = {GraphChi: Large-scale Graph Computation on Just a PC},
 booktitle = {Proceedings of the 10th USENIX Conference on Operating Systems Design and Implementation},
 series = {OSDI'12},
 year = {2012},
 isbn = {978-1-931971-96-6},
 location = {Hollywood, CA, USA},
 pages = {31--46},
 numpages = {16},
 url = {http://dl.acm.org/citation.cfm?id=2387880.2387884},
 acmid = {2387884},
 publisher = {USENIX Association},
 address = {Berkeley, CA, USA}
} 


@inproceedings{Buluc2D,
 author = {Bulu\c{c}, Aydin and Madduri, Kamesh},
 title = {Parallel Breadth-first Search on Distributed Memory Systems},
 booktitle = {Proceedings of 2011 International Conference for High Performance Computing, Networking, Storage and Analysis},
 series = {SC '11},
 year = {2011},
 isbn = {978-1-4503-0771-0},
 location = {Seattle, Washington},
 pages = {65:1--65:12},
 articleno = {65},
 numpages = {12},
 url = {http://doi.acm.org/10.1145/2063384.2063471},
 doi = {10.1145/2063384.2063471},
 acmid = {2063471},
 publisher = {ACM},
 address = {New York, NY, USA}
} 

@inproceedings{Yangpart,
 author = {Yang, Shengqi and Yan, Xifeng and Zong, Bo and Khan, Arijit},
 title = {Towards Effective Partition Management for Large Graphs},
 booktitle = {Proceedings of the 2012 ACM SIGMOD International Conference on Management of Data},
 series = {SIGMOD '12},
 year = {2012},
 isbn = {978-1-4503-1247-9},
 location = {Scottsdale, Arizona, USA},
 pages = {517--528},
 numpages = {12},
 url = {http://doi.acm.org/10.1145/2213836.2213895},
 doi = {10.1145/2213836.2213895},
 acmid = {2213895},
 publisher = {ACM},
 address = {New York, NY, USA},
 keywords = {distributed computing, graph, graph query processing, partitioning, rdf}
} 

@inproceedings{khayyatmizan,
 author = {Khayyat, Zuhair and Awara, Karim and Alonazi, Amani and Jamjoom, Hani and Williams, Dan and Kalnis, Panos},
 title = {Mizan: A System for Dynamic Load Balancing in Large-scale Graph Processing},
 booktitle = {Proceedings of the 8th ACM European Conference on Computer Systems},
 series = {EuroSys '13},
 year = {2013},
 isbn = {978-1-4503-1994-2},
 location = {Prague, Czech Republic},
 pages = {169--182},
 numpages = {14},
 url = {http://doi.acm.org/10.1145/2465351.2465369},
 doi = {10.1145/2465351.2465369},
 acmid = {2465369},
 publisher = {ACM},
 address = {New York, NY, USA}
} 

@inproceedings{Vaquero:2013:APL:2523616.2525943,
 author = {Vaquero, Luis and Cuadrado, F{\'e}lix and Logothetis, Dionysios and Martella, Claudio},
 title = {Adaptive Partitioning for Large-scale Dynamic Graphs},
 booktitle = {Proceedings of the 4th Annual Symposium on Cloud Computing},
 series = {SOCC '13},
 year = {2013},
 isbn = {978-1-4503-2428-1},
 location = {Santa Clara, California},
 pages = {35:1--35:2},
 articleno = {35},
 numpages = {2},
 url = {http://doi.acm.org/10.1145/2523616.2525943},
 doi = {10.1145/2523616.2525943},
 acmid = {2525943},
 publisher = {ACM},
 address = {New York, NY, USA},
} 

@INPROCEEDINGS{Malpregel,
    author = {Grzegorz Malewicz and Matthew H. Austern and Aart J. C. Bik and James C. Dehnert and Ilan Horn and Naty Leiser and Grzegorz Czajkowski and Google Inc},
    title = {Pregel: A system for large-scale graph processing},
    booktitle = {In SIGMOD},
    year = {2010},
    pages = {135--146}
}

@inproceedings{Bomansc13,
 author = {Boman, Erik G. and Devine, Karen D. and Rajamanickam, Sivasankaran},
 title = {Scalable Matrix Computations on Large Scale-free Graphs Using 2D Graph Partitioning},
 booktitle = {Proceedings of the International Conference on High Performance Computing, Networking, Storage and Analysis},
 series = {SC '13},
 year = {2013},
 isbn = {978-1-4503-2378-9},
 location = {Denver, Colorado},
 pages = {50:1--50:12},
 articleno = {50},
 numpages = {12},
 url = {http://doi.acm.org/10.1145/2503210.2503293},
 doi = {10.1145/2503210.2503293},
 acmid = {2503293},
 publisher = {ACM},
 address = {New York, NY, USA},
 keywords = {graph partitioning, parallel computing, scale-free graphs, sparse matrix-vector multiplication, two-dimensional distribution}
} 

@misc{Leskovec-data,
    author = {Leskovec, Jure},
    keywords = {data, dataset, datasets, socialnetworks},
    posted-at = {2012-08-23 19:15:06},
    priority = {2},
    title = {{Stanford Large Network Dataset Collection}},
    url = {http://snap.stanford.edu/data/}
}

@webpage{graph500,
  title = {Graph 500},
  note = {Accessed: 2015-03-30},
  howpublished = {\url{http://www.graph500.org/}}
}

@inproceedings{nishimura2013restream,
 author = {Nishimura, Joel and Ugander, Johan},
 title = {Restreaming Graph Partitioning: Simple Versatile Algorithms for Advanced Balancing},
 booktitle = {Proceedings of the 19th ACM SIGKDD International Conference on Knowledge Discovery and Data Mining},
 series = {KDD '13},
 year = {2013},
 isbn = {978-1-4503-2174-7},
 location = {Chicago, Illinois, USA},
 pages = {1106--1114},
 numpages = {9},
 url = {http://doi.acm.org/10.1145/2487575.2487696},
 doi = {10.1145/2487575.2487696},
 acmid = {2487696},
 publisher = {ACM},
 address = {New York, NY, USA},
}


@INPROCEEDINGS{slota2014pulp,
author={Slota, G.M. and Madduri, K. and Rajamanickam, S.},
booktitle={Big Data (Big Data), 2014 IEEE International Conference on},
title={PuLP: Scalable multi-objective multi-constraint partitioning for small-world networks},
year={2014},
month={Oct},
pages={481-490},
doi={10.1109/BigData.2014.7004265},
}

@INPROCEEDINGS{Gilbert95geometricmesh,
    author = {John R. Gilbert and Gary L. Miller and Shang-Hua Teng},
    title = {Geometric Mesh Partitioning: Implementation and Experiments},
    booktitle = {In Proceedings of International Parallel Processing Symposium},
    year = {1995},
    pages = {418--427}
}

@inproceedings{Abou-Rjeili:2006:MAP:1898953.1899055,
 author = {Abou-Rjeili, Amine and Karypis, George},
 title = {Multilevel Algorithms for Partitioning Power-law Graphs},
 booktitle = {Proceedings of the 20th International Conference on Parallel and Distributed Processing},
 series = {IPDPS'06},
 year = {2006},
 isbn = {1-4244-0054-6},
 location = {Rhodes Island, Greece},
 pages = {124--124},
 numpages = {1},
 url = {http://dl.acm.org/citation.cfm?id=1898953.1899055},
 acmid = {1899055},
 publisher = {IEEE Computer Society},
 address = {Washington, DC, USA},
}


@article{journals/cj/GanleyH94,
  added-at = {2011-06-28T00:00:00.000+0200},
  author = {Ganley, Joseph L. and Heath, Lenwood S.},
  biburl = {http://www.bibsonomy.org/bibtex/20844c3095456f4e241b97a0334543cc3/dblp},
  ee = {http://dx.doi.org/10.1093/comjnl/37.7.641},
  interhash = {c7cb1dc10eda5ad89854a7f560c3baad},
  intrahash = {0844c3095456f4e241b97a0334543cc3},
  journal = {Comput. J.},
  keywords = {dblp},
  number = 7,
  pages = {641-643},
  timestamp = {2011-06-28T00:00:00.000+0200},
  title = {Optimal and Random Partitions of Random Graphs.},
  url = {http://dblp.uni-trier.de/db/journals/cj/cj37.html#GanleyH94},
  volume = 37,
  year = 1994
}

@article{Gazit198861,
title = "An improved parallel algorithm that computes the \{BFS\} numbering of a directed graph ",
journal = "Information Processing Letters ",
volume = "28",
number = "2",
pages = "61 - 65",
year = "1988",
note = "",
issn = "0020-0190",
doi = "http://dx.doi.org/10.1016/0020-0190(88)90164-0",
url = "http://www.sciencedirect.com/science/article/pii/0020019088901640",
author = "Hillel Gazit and Gary L. Miller",
keywords = "Single source",
keywords = "breadth-first search",
keywords = "fast matrix multiplication",
keywords = "parallel algorithm "
}

@inproceedings{Yuan:2012:MLG:2410141.2410574,
 author = {Yuan, Liang and Ding, Chen and \AA tefankovic, Daniel and Zhang, Yunquan},
 title = {Modeling the Locality in Graph Traversals},
 booktitle = {Proceedings of the 2012 41st International Conference on Parallel Processing},
 series = {ICPP '12},
 year = {2012},
 isbn = {978-0-7695-4796-1},
 pages = {138--147},
 numpages = {10},
 url = {http://dx.doi.org/10.1109/ICPP.2012.40},
 doi = {10.1109/ICPP.2012.40},
 acmid = {2410574},
 publisher = {IEEE Computer Society},
 address = {Washington, DC, USA},
 keywords = {locality, graph traversals, vertex distance, reuse distance},
}



@book{citeulike:10648615,
    author = {Kepner, Jeremy V. and Gilbert, J. R.},
    citeulike-article-id = {10648615},
    isbn = {9780898719901},
    keywords = {book, graph\_theory, graphical\_model, linear\_algebra},
    posted-at = {2012-05-07 08:08:28},
    priority = {2},
    publisher = {Society for Industrial and Applied Mathematics},
    title = {{Graph algorithms in the language of linear algebra}},
    url = {http://www.worldcat.org/isbn/9780898719901},
    year = {2011}
}

@TECHREPORT{Lang04findinggood,
    author = {Kevin Lang},
    title = {Finding good nearly balanced cuts in power law graphs},
    institution = {},
    year = {2004}
}

@incollection{sparsechapter,
  author = {Ayd{\i}n Bulu\c{c} and John R. Gilbert and Viral B. Shah},
  title = {{Implementing Sparse Matrices for Graph Algorithms}},
  editor = {Jeremy Kepner and John R. Gilbert},
  year = {2011},
  booktitle = { Graph Algorithms in the Language of Linear Algebra },
  publisher = { SIAM Press}
}


@article{DBLP:journals/corr/abs-1212-1121,
  author    = {Isabelle Stanton},
  title     = {Streaming Balanced Graph Partitioning for Random Graphs},
  journal   = {CoRR},
  volume    = {abs/1212.1121},
  year      = {2012},
  ee        = {http://arxiv.org/abs/1212.1121},
  bibsource = {DBLP, http://dblp.uni-trier.de}
}

@inproceedings{Stanton:2012:SGP:2339530.2339722,
 author = {Stanton, Isabelle and Kliot, Gabriel},
 title = {Streaming graph partitioning for large distributed graphs},
 booktitle = {Proceedings of the 18th ACM SIGKDD international conference on Knowledge discovery and data mining},
 series = {KDD '12},
 year = {2012},
 isbn = {978-1-4503-1462-6},
 location = {Beijing, China},
 pages = {1222--1230},
 numpages = {9},
 url = {http://doi.acm.org/10.1145/2339530.2339722},
 doi = {10.1145/2339530.2339722},
 acmid = {2339722},
 publisher = {ACM},
 address = {New York, NY, USA},
 keywords = {distributed graphs, experimental evaluation, graph partitioning, streaming algorithms},
}



@inproceedings{Andersen:2009:FSC:1536414.1536449,
 author = {Andersen, Reid and Peres, Yuval},
 title = {Finding sparse cuts locally using evolving sets},
 booktitle = {Proceedings of the 41st annual ACM symposium on Theory of computing},
 series = {STOC '09},
 year = {2009},
 isbn = {978-1-60558-506-2},
 location = {Bethesda, MD, USA},
 pages = {235--244},
 numpages = {10},
 url = {http://doi.acm.org/10.1145/1536414.1536449},
 doi = {10.1145/1536414.1536449},
 acmid = {1536449},
 publisher = {ACM},
 address = {New York, NY, USA},
 keywords = {evolving sets, graph partitioning, local algorithms},
}

@inproceedings{kang2009pegasus,
  title={Pegasus: A peta-scale graph mining system implementation and observations},
  author={Kang, U and Tsourakakis, Charalampos E and Faloutsos, Christos},
  booktitle={Data Mining, 2009. ICDM'09. Ninth IEEE International Conference on},
  pages={229--238},
  year={2009},
  organization={IEEE}
}

@article{Watts1998,
  added-at = {2012-11-20T14:15:13.000+0100},
  author = {Watts, Duncan J. and Strogatz, Steven H.},
  biburl = {http://www.bibsonomy.org/bibtex/2b8d3db260a39adbd9a3b93db2896d602/lopusz_kdd},
  comment = {10.1038/30918},
  description = {Access : Collective dynamics of |[lsquo]|small-world|[rsquo]| networks : Nature},
  interhash = {02e54cb4f5d01567f9d4d2bfd5ca6587},
  intrahash = {b8d3db260a39adbd9a3b93db2896d602},
  issn = {00280836},
  journal = {Nature},
  keywords = {networks},
  month = jun,
  number = 6684,
  pages = {440--442},
  timestamp = {2012-11-20T14:15:13.000+0100},
  title = {Collective dynamics of {'}small-world{'} networks},
  url = {http://dx.doi.org/10.1038/30918},
  volume = 393,
  year = 1998
}

@article{tsourakakis2012fennel,
  title={FENNEL: Streaming Graph Partitioning for Massive Scale Graphs},
  author={Tsourakakis, Charalampos E and Gkantsidis, Christos and Radunovic, Bozidar and Vojnovic, Milan},
  year={2012}
}

@article{karypis1998multilevel,
  title={Multilevel< i> k</i>-way Partitioning Scheme for Irregular Graphs},
  author={Karypis, George and Kumar, Vipin},
  journal={Journal of Parallel and Distributed computing},
  volume={48},
  number={1},
  pages={96--129},
  year={1998},
  publisher={Elsevier}
}

@article{Low:2012:DGF:2212351.2212354,
 author = {Low, Yucheng and Bickson, Danny and Gonzalez, Joseph and Guestrin, Carlos and Kyrola, Aapo and Hellerstein, Joseph M.},
 title = {Distributed GraphLab: a framework for machine learning and data mining in the cloud},
 journal = {Proc. VLDB Endow.},
 issue_date = {April 2012},
 volume = {5},
 number = {8},
 month = apr,
 year = {2012},
 issn = {2150-8097},
 pages = {716--727},
 numpages = {12},
 url = {http://dl.acm.org/citation.cfm?id=2212351.2212354},
 acmid = {2212354},
 publisher = {VLDB Endowment},
}


@article{arora2009expander,
  title={Expander flows, geometric embeddings and graph partitioning},
  author={Arora, Sanjeev and Rao, Satish and Vazirani, Umesh},
  journal={Journal of the ACM (JACM)},
  volume={56},
  number={2},
  pages={5},
  year={2009},
  publisher={ACM}
}

@article{alon1986eigenvalues,
  title={Eigenvalues and expanders},
  author={Alon, Noga},
  journal={Combinatorica},
  volume={6},
  number={2},
  pages={83--96},
  year={1986},
  publisher={Springer}
}


@article{goemans1995improved,
  title={Improved approximation algorithms for maximum cut and satisfiability problems using semidefinite programming},
  author={Goemans, Michel X and Williamson, David P},
  journal={Journal of the ACM (JACM)},
  volume={42},
  number={6},
  pages={1115--1145},
  year={1995},
  publisher={ACM}
}


@article{Leighton:1999:MMM:331524.331526,
 author = {Leighton, Tom and Rao, Satish},
 title = {Multicommodity max-flow min-cut theorems and their use in designing approximation algorithms},
 journal = {J. ACM},
 issue_date = {Nov. 1999},
 volume = {46},
 number = {6},
 month = nov,
 year = {1999},
 issn = {0004-5411},
 pages = {787--832},
 numpages = {46},
 url = {http://doi.acm.org/10.1145/331524.331526},
 doi = {10.1145/331524.331526},
 acmid = {331526},
 publisher = {ACM},
 address = {New York, NY, USA},
 keywords = {VLSI layout, approximation algorithms, divide and conquer, graph bisection, graph partitioning, maximum flow, minimum cut, muticommocity flow, routing},
}

@article{catalyurek1999hypergraph,
  title={Hypergraph-partitioning-based decomposition for parallel sparse-matrix vector multiplication},
  author={Catalyurek, Umit V and Aykanat, Cevdet},
  journal={Parallel and Distributed Systems, IEEE Transactions on},
  volume={10},
  number={7},
  pages={673--693},
  year={1999},
  publisher={IEEE}
}



@ARTICLE{Condon99algorithmsfor,
    author = {Anne Condon and Richard M. Karp},
    title = {Algorithms for Graph Partitioning on the Planted Partition Model},
    journal = {},
    year = {1999},
    volume = {18},
    pages = {116--140}
}

@article{chung2004average,
  title={The average distance in a random graph with given expected degrees},
  author={Chung, Fan and Lu, Linyuan},
  journal={Internet Mathematics},
  volume={1},
  number={1},
  pages={91--113},
  year={2004},
  publisher={Taylor \& Francis}
}

@book{Garey:1979:CIG:578533,
 author = {Garey, Michael R. and Johnson, David S.},
 title = {Computers and Intractability: A Guide to the Theory of NP-Completeness},
 year = {1979},
 isbn = {0716710447},
 publisher = {W. H. Freeman \& Co.},
 address = {New York, NY, USA},
}

@inproceedings{leskovec2007scalable,
  title={Scalable modeling of real graphs using kronecker multiplication},
  author={Leskovec, Jure and Faloutsos, Christos},
  booktitle={Proceedings of the 24th international conference on Machine learning},
  pages={497--504},
  year={2007},
  organization={ACM}
}

@ARTICLE{Catalyurek_hypergraph-partitioningbased,
    author = {Umit V. Catalyurek and Cevdet Aykanat},
    title = {Hypergraph-Partitioning Based Decomposition for Parallel Sparse-Matrix Vector Multiplication},
    journal = {IEEE Trans. on Parallel and Distributed Computing},
    year = {},
    volume = {10},
    pages = {673--693}
}

@inproceedings{Buluc:2011:PBS:2063384.2063471,
 author = {Bulu\c{c}, Aydin and Madduri, Kamesh},
 title = {Parallel breadth-first search on distributed memory systems},
 booktitle = {Proceedings of 2011 International Conference for High Performance Computing, Networking, Storage and Analysis},
 series = {SC '11},
 year = {2011},
 isbn = {978-1-4503-0771-0},
 location = {Seattle, Washington},
 pages = {65:1--65:12},
 articleno = {65},
 numpages = {12},
 url = {http://doi.acm.org/10.1145/2063384.2063471},
 doi = {10.1145/2063384.2063471},
 acmid = {2063471},
 publisher = {ACM},
 address = {New York, NY, USA},
}

@article{Ripeanu:2002:MGN:613352.613670,
 author = {Ripeanu, Matei and Iamnitchi, Adriana and Foster, Ian},
 title = {Mapping the Gnutella Network},
 journal = {IEEE Internet Computing},
 issue_date = {January 2002},
 volume = {6},
 number = {1},
 month = jan,
 year = {2002},
 issn = {1089-7801},
 pages = {50--57},
 numpages = {8},
 url = {http://dx.doi.org/10.1109/4236.978369},
 doi = {10.1109/4236.978369},
 acmid = {613670},
 publisher = {IEEE Educational Activities Department},
 address = {Piscataway, NJ, USA},
}

